<?xml version="1.0" encoding="UTF-8"?><collection xmlns="http://www.loc.gov/MARC21/slim"><record><leader>00353nam--2200145-i-4500</leader><controlfield tag="001">000042407</controlfield><controlfield tag="002">20161230</controlfield><controlfield tag="005">20161230201043</controlfield><controlfield tag="008">060222s1000------------r-----000-0-eng-d</controlfield><datafield ind1=" " ind2=" " tag="080"><subfield code="a">621.385</subfield></datafield><datafield ind1=" " ind2=" " tag="100"><subfield code="a">Sp  Angenberg,Karl R</subfield></datafield><datafield ind1=" " ind2=" " tag="245"><subfield code="a">Vacuum tubes</subfield></datafield><datafield ind1=" " ind2=" " tag="260"><subfield code="a">New York, Mcgraw Hill, 1948. Xvii+860 P.+ Fig</subfield></datafield><datafield ind1=" " ind2=" " tag="490"><subfield code="a">Mcgraw Series</subfield></datafield><datafield ind1=" " ind2=" " tag="852"><subfield code="a">11811</subfield></datafield></record></collection>